@online{euclid,
    author    = {Vladusty},
    title     = {Собственная работа, CC0},
    url      = {https://commons.wikimedia.org/w/index.php?curid=143598644},
    keywords  = {euclid}
}

@online{choice_levin_milgrom,
    url      = {https://web.stanford.edu/~jdlevin/Econ%20202/Choice%20Theory.pdf},
}




@online{vanguard,
    url      = {https://investor.vanguard.com/investor-resources-education/education/model-portfolio-allocation},
}

@online{wiki_geometry,
    url      = {https://ru.wikipedia.org/wiki/Основания_геометрии},
}

@online{wiki_formal_system,
    url      = {https://en.wikipedia.org/wiki/Formal_system},
}

@online{wiki_kepler,
    url      = {https://ru.wikipedia.org/wiki/Кеплерова_задача},
}

@online{sber_worklifebalance,
    url      = {https://sbergraduate.ru/live_updates/work-life-balance/},
}

@article{Huo2002,
    author = {Zhimin Huo and Maryellen L. Giger and Olufunmilayo I. Olopade and Dulcy E. Wolverton and Barbara L. Weber and Charles E. Metz and Weiming Zhong and Shelly A. Cummings},
    title = {Computerized Analysis of Digitized Mammograms of BRCA1 and BRCA2 Gene Mutation Carriers},
    journal = {Radiology},
    volume = {225},
    number = {2},
    pages = {519-526},
    year = {2002},
    doi = {10.1148/radiol.2252010845},
    note ={PMID: 12409590},
}

https://ru.wikipedia.org/wiki/Основания_геометрии